<?xml version="1.0" encoding="UTF-8"?><record xmlns="http://www.loc.gov/MARC21/slim" xmlns:cinclude="http://apache.org/cocoon/include/1.0" xmlns:zs="http://www.loc.gov/zing/srw/">
  <leader>00433nz  a2200121n  4500</leader>
  <controlfield tag="001">n 2013021970</controlfield>
  <controlfield tag="003">DLC</controlfield>
  <controlfield tag="005">20130420075444.0</controlfield>
  <controlfield tag="008">130419n| azannaabn           n aaa      </controlfield>
  <datafield tag="010" ind1=" " ind2=" ">
    <subfield code="a">n 2013021970</subfield>
  </datafield>
  <datafield tag="040" ind1=" " ind2=" ">
    <subfield code="a">DLC</subfield>
    <subfield code="b">eng</subfield>
    <subfield code="c">DLC</subfield>
    <subfield code="e">rda</subfield>
  </datafield>
  <datafield tag="100" ind1="1" ind2=" ">
    <subfield code="a">Sickler, William</subfield>
  </datafield>
  <datafield tag="670" ind1=" " ind2=" ">
    <subfield code="a">NUCMC data from Camden County Historical Society for His Deed, 1849</subfield>
    <subfield code="b">(Deed from seller John S. Sickler to buyer William Sickler for land in the Township of Winslow, N.J.)</subfield>
  </datafield>
</record>